<record><leader>00000cas a22000007a 4500</leader><controlfield tag="001">34979705</controlfield><controlfield tag="008">960624d191u1915okuwr n       0    0eng d</controlfield><datafield ind1=" " ind2=" " tag="010"><subfield code="a">sn 96087887 </subfield></datafield><datafield ind1=" " ind2=" " tag="040"><subfield code="a">OBN</subfield><subfield code="b">eng</subfield><subfield code="c">OBN</subfield><subfield code="d">OCLCQ</subfield><subfield code="d">OCLCO</subfield></datafield><datafield ind1="1" ind2=" " tag="029"><subfield code="a">AU@</subfield><subfield code="b">000012570640</subfield></datafield><datafield ind1=" " ind2=" " tag="042"><subfield code="a">msc</subfield></datafield><datafield ind1=" " ind2=" " tag="043"><subfield code="a">n-us-ok</subfield></datafield><datafield ind1="0" ind2="4" tag="245"><subfield code="a">The Delaware register and Nowata County republican.</subfield></datafield><datafield ind1=" " ind2=" " tag="260"><subfield code="a">Delaware, Okla. :</subfield><subfield code="b">Register Pub. Co.</subfield></datafield><datafield ind1=" " ind2=" " tag="300"><subfield code="a">v.</subfield></datafield><datafield ind1=" " ind2=" " tag="310"><subfield code="a">Weekly</subfield></datafield><datafield ind1="0" ind2=" " tag="362"><subfield code="a">-v. 4, no. 1 (Feb. 4, 1915).</subfield></datafield><datafield ind1=" " ind2=" " tag="588"><subfield code="a">Description based on: Vol. 3, no. 50 (Jan. 14, 1915).</subfield></datafield><datafield ind1=" " ind2="0" tag="651"><subfield code="a">Delaware (Okla.)</subfield><subfield code="v">Newspapers.</subfield></datafield><datafield ind1=" " ind2="0" tag="651"><subfield code="a">Nowata County (Okla.)</subfield><subfield code="v">Newspapers.</subfield></datafield><datafield ind1=" " ind2=" " tag="752"><subfield code="a">United States</subfield><subfield code="b">Oklahoma</subfield><subfield code="c">Nowata</subfield><subfield code="d">Delaware.</subfield></datafield><datafield ind1="0" ind2="4" tag="780"><subfield code="t">Delaware register</subfield><subfield code="w">(DLC)sn 96087886</subfield><subfield code="w">(OCoLC)34979682</subfield></datafield><datafield ind1="0" ind2="4" tag="780"><subfield code="t">Nowata County republican</subfield></datafield><datafield ind1="0" ind2="0" tag="785"><subfield code="t">Nowata County republican and the Delaware register</subfield><subfield code="w">(DLC)sn 96087888</subfield><subfield code="w">(OCoLC)34979765</subfield></datafield></record>